<record><leader>00000cas a2200000 a 4500</leader><controlfield tag="001">12308378</controlfield><controlfield tag="008">850726d18891890ksuwr ne      0    0eng d</controlfield><datafield ind1=" " ind2=" " tag="010"><subfield code="a">sn 85030673 </subfield></datafield><datafield ind1=" " ind2=" " tag="040"><subfield code="a">KSH</subfield><subfield code="b">eng</subfield><subfield code="c">KSH</subfield><subfield code="d">NPT</subfield><subfield code="d">OCL</subfield><subfield code="d">OCLCQ</subfield></datafield><datafield ind1=" " ind2=" " tag="042"><subfield code="a">msc</subfield></datafield><datafield ind1="0" ind2="0" tag="245"><subfield code="a">Hutchinson republican.</subfield></datafield><datafield ind1=" " ind2=" " tag="260"><subfield code="a">Hutchinson, Kan. :</subfield><subfield code="b">M.H. Curtis,</subfield><subfield code="c">1889-1890.</subfield></datafield><datafield ind1=" " ind2=" " tag="300"><subfield code="a">2 v. :</subfield><subfield code="b">ill. ;</subfield><subfield code="c">59 cm.</subfield></datafield><datafield ind1=" " ind2=" " tag="310"><subfield code="a">Weekly</subfield></datafield><datafield ind1="0" ind2=" " tag="362"><subfield code="a">Vol. 1, no. 1 (Mar. 23, 1889)-v. 2, no. 15 (June 28, 1890).</subfield></datafield><datafield ind1=" " ind2=" " tag="500"><subfield code="a">Published by: G.W. Bodkin, May 25-Nov. 9, 1889; Botkin &amp; Dugan, Nov. 16, 1889-Feb. 15, 1890; Botkin &amp; Carr, Feb. 22-June 28, 1890.</subfield></datafield><datafield ind1=" " ind2=" " tag="752"><subfield code="a">United States</subfield><subfield code="b">Kansas</subfield><subfield code="c">Reno</subfield><subfield code="d">Hutchinson.</subfield></datafield><datafield ind1="0" ind2="7" tag="785"><subfield code="t">Hutchinson times (Hutchinson, Kan. : 1889)</subfield><subfield code="w">(DLC)sn 85030672</subfield></datafield><datafield ind1="0" ind2="7" tag="785"><subfield code="t">Times-republican (Hutchinson, Kan.)</subfield><subfield code="w">(DLC)sn 85030674</subfield></datafield></record>